<?xml version="1.0" encoding="UTF-8"?><collection xmlns="http://www.loc.gov/MARC21/slim"><record><leader>00345nam--2200121-i-4500</leader><controlfield tag="001">000016368</controlfield><controlfield tag="002">20161230</controlfield><controlfield tag="005">20161230201031</controlfield><controlfield tag="008">060222s1000------------r-----000-0-eng-d</controlfield><datafield ind1=" " ind2=" " tag="100"><subfield code="a">Schreder,Gerard</subfield></datafield><datafield ind1=" " ind2=" " tag="245"><subfield code="a">Contribution a l etude de l effet tunnel dans les semiconducteurs.these</subfield></datafield><datafield ind1=" " ind2=" " tag="260"><subfield code="a">Paris,Universite,1972. 123 P.+ Annexe</subfield></datafield><datafield ind1=" " ind2=" " tag="852"><subfield code="a">78117</subfield></datafield></record></collection>